@inproceedings{yang2023bgp,
  title={BGP anomaly detection - a path-based apporach},
  author={Yang, Chang and Jia, Wenli},
  booktitle={The 2023 International Conference on Computer Engineering, Communication Technology and Smart System (CECTSS 2023)},
  pages={21--28},
  year={2023},
}

@INPROCEEDINGS{9987078,
  author={Jia, Wenli and Yang, Chang},
  booktitle={2022 IEEE 4th International Conference on Civil Aviation Safety and Information Technology (ICCASIT)}, 
  title={A Framework for Multi-Variate Time Series Anomaly Detection Based on Behavioral Patterns in Electric Vehicles}, 
  year={2022},
  volume={},
  number={},
  pages={20-24},
  doi={10.1109/ICCASIT55263.2022.9987078}}
