@article{al2016bgp,
  title     = {BGP anomaly detection techniques: A survey},
  author    = {Al-Musawi, Bahaa and Branch, Philip and Armitage, Grenville},
  journal   = {IEEE Communications Surveys \& Tutorials},
  volume    = {19},
  number    = {1},
  pages     = {377--396},
  year      = {2016},
  publisher = {IEEE}
}

@article{edwards2019border,
  title   = {Border gateway protocol anomaly detection using machine learning techniques},
  author  = {Edwards, Philip and Cheng, Lu and Kadam, Girish},
  journal = {SMU Data Science Review},
  volume  = {2},
  number  = {1},
  pages   = {5},
  year    = {2019}
}

@inproceedings{sanchez2019comparing,
  title     = {Comparing machine learning algorithms for BGP anomaly detection using graph features},
  author    = {Sanchez, Odnan Ref and Ferlin, Simone and Pelsser, Cristel and Bush, Randy},
  booktitle = {Proceedings of the 3rd ACM CoNEXT Workshop on Big DAta, Machine Learning and Artificial Intelligence for Data Communication Networks},
  pages     = {35--41},
  year      = {2019}
}

@inproceedings{sriram2009comparative,
  title        = {A comparative analysis of BGP anomaly detection and robustness algorithms},
  author       = {Sriram, Kotikapaludi and Borchert, Oliver and Kim, Okhee and Gleichmann, Patrick and Montgomery, Doug},
  booktitle    = {2009 Cybersecurity Applications \& Technology Conference for Homeland Security},
  pages        = {25--38},
  year         = {2009},
  organization = {IEEE}
}

@article{peng2022multi,
  title     = {A multi-view framework for BGP anomaly detection via graph attention network},
  author    = {Peng, Songtao and Nie, Jiaqi and Shu, Xincheng and Ruan, Zhongyuan and Wang, Lei and Sheng, Yunxuan and Xuan, Qi},
  journal   = {Computer Networks},
  volume    = {214},
  pages     = {109129},
  year      = {2022},
  publisher = {Elsevier}
}

@misc{rekhter2006border,
  title  = {A border gateway protocol 4 (BGP-4)},
  author = {Rekhter, Yakov and Li, Tony and Hares, Susan},
  eprint = {https://www.rfc-editor.org/rfc/rfc4271},
  year   = {2006}
}

@inproceedings{prakash2009bgp,
  title     = {BGP-lens: Patterns and anomalies in internet routing updates},
  author    = {Prakash, B Aditya and Valler, Nicholas and Andersen, David and Faloutsos, Michalis and Faloutsos, Christos},
  booktitle = {Proceedings of the 15th ACM SIGKDD international conference on Knowledge discovery and data mining},
  pages     = {1315--1324},
  year      = {2009}
}

@inproceedings{al2015detecting,
  title        = {Detecting BGP instability using recurrence quantification analysis (RQA)},
  author       = {Al-Musawi, Bahaa and Branch, Philip and Armitage, Grenville},
  booktitle    = {2015 IEEE 34th International Performance Computing and Communications Conference (IPCCC)},
  pages        = {1--8},
  year         = {2015},
  organization = {IEEE}
}

@article{li2005internet,
  title     = {An Internet routing forensics framework for discovering rules of abnormal BGP events},
  author    = {Li, Jun and Dou, Dejing and Wu, Zhen and Kim, Shiwoong and Agarwal, Vikash},
  journal   = {ACM SIGCOMM Computer Communication Review},
  volume    = {35},
  number    = {5},
  pages     = {55--66},
  year      = {2005},
  publisher = {ACM New York, NY, USA}
}

@inproceedings{al2012machine,
  title        = {Machine learning models for classification of BGP anomalies},
  author       = {Al-Rousan, Nabil M and Trajkovi{\'c}, Ljiljana},
  booktitle    = {2012 IEEE 13th International Conference on High Performance Switching and Routing},
  pages        = {103--108},
  year         = {2012},
  organization = {IEEE}
}

@inproceedings{de2011anomaly,
  title        = {An anomaly detection framework for BGP},
  author       = {de Urbina Cazenave, I{\~n}igo Ortiz and K{\"o}{\c{s}}l{\"u}k, Erkan and Ganiz, Murat Can},
  booktitle    = {2011 International Symposium on Innovations in Intelligent Systems and Applications},
  pages        = {107--111},
  year         = {2011},
  organization = {IEEE}
}

@article{deshpande2009online,
  title     = {An online mechanism for BGP instability detection and analysis},
  author    = {Deshpande, Shivani and Thottan, Marina and Ho, Tin Kam and Sikdar, Biplab},
  journal   = {IEEE transactions on Computers},
  volume    = {58},
  number    = {11},
  pages     = {1470--1484},
  year      = {2009},
  publisher = {IEEE}
}

@inproceedings{ganiz2006detection,
  title        = {Detection of interdomain routing anomalies based on higher-order path analysis},
  author       = {Ganiz, Murat Can and Kanitkar, Sudhan and Chuah, Mooi Choo and Pottenger, William M},
  booktitle    = {Sixth International Conference on Data Mining (ICDM'06)},
  pages        = {874--879},
  year         = {2006},
  organization = {IEEE}
}

@incollection{theodoridis2013novel,
  title     = {A novel unsupervised method for securing BGP against routing hijacks},
  author    = {Theodoridis, Georgios and Tsigkas, Orestis and Tzovaras, Dimitrios},
  booktitle = {Computer and Information Sciences III},
  pages     = {21--29},
  year      = {2013},
  publisher = {Springer}
}

@article{sermpezis2018survey,
  title     = {A survey among network operators on BGP prefix hijacking},
  author    = {Sermpezis, Pavlos and Kotronis, Vasileios and Dainotti, Alberto and Dimitropoulos, Xenofontas},
  journal   = {ACM SIGCOMM Computer Communication Review},
  volume    = {48},
  number    = {1},
  pages     = {64--69},
  year      = {2018},
  publisher = {ACM New York, NY, USA}
}

@article{nordstrom2004beware,
  title     = {Beware of BGP attacks},
  author    = {Nordstr{\"o}m, Ola and Dovrolis, Constantinos},
  journal   = {ACM SIGCOMM Computer Communication Review},
  volume    = {34},
  number    = {2},
  pages     = {1--8},
  year      = {2004},
  publisher = {ACM New York, NY, USA}
}

@article{butler2009survey,
  title     = {A survey of BGP security issues and solutions},
  author    = {Butler, Kevin and Farley, Toni R and McDaniel, Patrick and Rexford, Jennifer},
  journal   = {Proceedings of the IEEE},
  volume    = {98},
  number    = {1},
  pages     = {100--122},
  year      = {2009},
  publisher = {IEEE}
}

@misc{murphy2006bgp,
  title  = {BGP security vulnerabilities analysis},
  eprint = {https://www.rfc-editor.org/rfc/rfc4272},
  author = {Murphy, Sandra},
  year   = {2006}
}

@misc{graham2020cloudflare,
  title     = {Cloudflare outage on July 17, 2020},
  author    = {Graham-Cumming, John},
  eprint    = {https://blog.cloudflare.com/cloudflare-outage-on-july-17-2020/},
  year      = {2020},
  publisher = {Jul}
}

@misc{bush2013resource,
  title  = {The resource public key infrastructure (RPKI) to router protocol},
  eprint = {https://www.rfc-editor.org/rfc/rfc6810.html},
  author = {Bush, Randy and Austein, Rob},
  year   = {2013}
}

@inproceedings{hakimi2016case,
  title        = {Case study analysis on BGP: prefix hijacking and transit AS},
  author       = {Hakimi, Rifqy and Saputra, Yuris Mulya and Nugraha, Beny},
  booktitle    = {2016 10th International Conference on Telecommunication Systems Services and Applications (TSSA)},
  pages        = {1--8},
  year         = {2016},
  organization = {IEEE}
}

@article{newman2005measure,
  title     = {A measure of betweenness centrality based on random walks},
  author    = {Newman, Mark EJ},
  journal   = {Social networks},
  volume    = {27},
  number    = {1},
  pages     = {39--54},
  year      = {2005},
  publisher = {Elsevier}
}

@misc{blunk2011multi,
  title  = {Multi-threaded routing toolkit (MRT) routing information export format},
  eprint = {https://www.rfc-editor.org/rfc/rfc6396.html},
  author = {Blunk, Larry and Karir, M and Labovitz, C},
  year   = {2011}
}

@inproceedings{le2014distributed,
  title        = {Distributed representations of sentences and documents},
  author       = {Le, Quoc and Mikolov, Tomas},
  booktitle    = {International conference on machine learning},
  pages        = {1188--1196},
  year         = {2014},
  organization = {PMLR}
}

@article{goldberg2014taking,
  title     = {Why is it taking so long to secure internet routing?},
  author    = {Goldberg, Sharon},
  journal   = {Communications of the ACM},
  volume    = {57},
  number    = {10},
  pages     = {56--63},
  year      = {2014},
  publisher = {ACM New York, NY, USA}
}

@inproceedings{hiran2013characterizing,
  title        = {Characterizing large-scale routing anomalies: A case study of the china telecom incident},
  author       = {Hiran, Rahul and Carlsson, Niklas and Gill, Phillipa},
  booktitle    = {International Conference on Passive and Active Network Measurement},
  pages        = {229--238},
  year         = {2013},
  organization = {Springer}
}

@misc{siddiqui2022klayswap,
  title  = {KlaySwap--Another BGP Hijack Targeting Crypto Wallets},
  author = {Siddiqui, Aftab},
  eprint = {https://www.manrs.org/2022/02/klayswap-another-bgp-hijack-targeting-crypto-wallets/},
  year   = {2022}
}

@misc{toonk2017popular,
  title     = {Popular Destinations rerouted to Russia},
  author    = {Toonk, Andree},
  year      = {2017},
  eprint    = {https://bgpmon.net/popular-destinations-rerouted-to-russia/},
  publisher = {Retrieved from BGPMON: https://bgpmon.net/popular-destinations-rerouted-to~…}
}

@article{naik2018internet,
  title   = {Internet Vulnerability Takes Down Google},
  author  = {Naik, Ameet},
  journal = {ThousandEyes report, November},
  year    = {2018}
}

@article{ripe2008youtube,
  title   = {Youtube hijacking a ripe ncc ris case study},
  author  = {Ripe, NCC},
  journal = {http://www. ripe. net/news/study-youtube-hijacking. html},
  year    = {2008}
}

@incollection{liu2016rpki,
  title     = {RPKI deployment: Risks and alternative solutions},
  author    = {Liu, Xiaowei and Yan, Zhiwei and Geng, Guanggang and Lee, Xiaodong and Tseng, Shian-Shyong and Ku, Ching-Heng},
  booktitle = {Genetic and Evolutionary Computing},
  pages     = {299--310},
  year      = {2016},
  publisher = {Springer}
}

@inproceedings{cooper2013risk,
  title     = {On the risk of misbehaving RPKI authorities},
  author    = {Cooper, Danny and Heilman, Ethan and Brogle, Kyle and Reyzin, Leonid and Goldberg, Sharon},
  booktitle = {Proceedings of the Twelfth ACM Workshop on Hot Topics in Networks},
  pages     = {1--7},
  year      = {2013}
}

@article{gilad2016we,
  title   = {Are we there yet? On RPKI's deployment and security},
  author  = {Gilad, Yossi and Cohen, Avichai and Herzberg, Amir and Schapira, Michael and Shulman, Haya},
  journal = {Cryptology ePrint Archive},
  year    = {2016}
}

@inproceedings{cheng2016ms,
  title        = {MS-LSTM: A multi-scale LSTM model for BGP anomaly detection},
  author       = {Cheng, Min and Xu, Qian and Jianming, LV and Liu, Wenyin and Li, Qing and Wang, Jianping},
  booktitle    = {2016 IEEE 24th International Conference on Network Protocols (ICNP)},
  pages        = {1--6},
  year         = {2016},
  organization = {IEEE}
}

@inproceedings{mai2008detecting,
  title        = {Detecting BGP anomalies with wavelet},
  author       = {Mai, Jianning and Yuan, Lihua and Chuah, Chen-Nee},
  booktitle    = {NOMS 2008-2008 IEEE Network Operations and Management Symposium},
  pages        = {465--472},
  year         = {2008},
  organization = {IEEE}
}

@inproceedings{hammood2021using,
  title        = {Using BGP features towards identifying type of BGP anomaly},
  author       = {Hammood, Noor Hadi and Al-Musawi, Bahaa},
  booktitle    = {2021 International Congress of Advanced Technology and Engineering (ICOTEN)},
  pages        = {1--10},
  year         = {2021},
  organization = {IEEE}
}

@inproceedings{hoarau2022bgnn,
  title        = {BGNN: Detection of BGP Anomalies Using Graph Neural Networks},
  author       = {Hoarau, Kevin and Tournoux, Pierre Ugo and Razafindralambo, Tahiry},
  booktitle    = {2022 IEEE Symposium on Computers and Communications (ISCC)},
  pages        = {1--6},
  year         = {2022},
  organization = {IEEE}
}

@inproceedings{tsai2022design,
  title        = {Design, Development, and Operation of a SDN-Based BGP Playground for Networkers},
  author       = {Tsai, Pang-Wei and Risdianto, Aris Cahyadi and Ling, Teck Chaw},
  booktitle    = {2022 23rd Asia-Pacific Network Operations and Management Symposium (APNOMS)},
  pages        = {1--4},
  year         = {2022},
  organization = {IEEE}
}

@misc{dn42us,
  title        = {A Dynamic Interconnected VPN.},
  url          = {https://dn42.us/},
  howpublished = {https://dn42.us/},
  eprint       = {https://dn42.us/},
  author       = {DN42 Community},
  year         = {2022},
  journal      = {dn42.us},
  note         = {Accessed: 2022-12-31}
} 

@article{zhang2005collecting,
  title     = {Collecting the Internet AS-level topology},
  author    = {Zhang, Beichuan and Liu, Raymond and Massey, Daniel and Zhang, Lixia},
  journal   = {ACM SIGCOMM Computer Communication Review},
  volume    = {35},
  number    = {1},
  pages     = {53--61},
  year      = {2005},
  publisher = {ACM New York, NY, USA}
}

@misc{ripe2021routing,
  title        = {Routing information service raw data},
  author       = {Ripe, NCC},
  howpublished = {https://data.ris.ripe.net},
  eprint       = {https://data.ris.ripe.net},
  year         = {2021},
  note         = {Accessed: 2022-12-27}
}

@misc{dn422022mrt,
  title        = {MRT Dumps of DN42 Route Collector},
  author       = {DN42 Community},
  url          = {http://mrt.collector.dn42},
  howpublished = {http://mrt.collector.dn42},
  eprint       = {http://mrt.collector.dn42},
  year         = {2022},
  note         = {Accessed: 2022-12-27}
}

@inproceedings{grover2016node2vec,
  title     = {node2vec: Scalable feature learning for networks},
  author    = {Grover, Aditya and Leskovec, Jure},
  booktitle = {Proceedings of the 22nd ACM SIGKDD international conference on Knowledge discovery and data mining},
  pages     = {855--864},
  year      = {2016}
}

@article{van2008visualizing,
  title   = {Visualizing data using t-SNE.},
  author  = {Van der Maaten, Laurens and Hinton, Geoffrey},
  journal = {Journal of machine learning research},
  volume  = {9},
  number  = {11},
  year    = {2008}
}

@inproceedings{wang2016inferring,
  title        = {Inferring the average as path length of the internet},
  author       = {Wang, Cun and Li, Zhengmin and Huang, Xiaohong and Zhang, Pei},
  booktitle    = {2016 IEEE International Conference on Network Infrastructure and Digital Content (IC-NIDC)},
  pages        = {391--395},
  year         = {2016},
  organization = {IEEE}
}

@misc{villamizar1998bgp,
  title  = {BGP route flap damping},
  author = {Villamizar, Curtis and Chandra, Ravi and Govindan, Ramesh},
  eprint = {https://datatracker.ietf.org/doc/html/rfc2439},
  year   = {1998}
}

@article{oliveira2009completeness,
  title     = {The (in) completeness of the observed Internet AS-level structure},
  author    = {Oliveira, Ricardo and Pei, Dan and Willinger, Walter and Zhang, Beichuan and Zhang, Lixia},
  journal   = {IEEE/ACM Transactions on Networking},
  volume    = {18},
  number    = {1},
  pages     = {109--122},
  year      = {2009},
  publisher = {IEEE}
}

@inproceedings{douzet2020measuring,
  title        = {Measuring the fragmentation of the Internet: the case of the Border Gateway Protocol (BGP) during the Ukrainian crisis},
  author       = {Douzet, Fr{\'e}d{\'e}rick and P{\'e}tiniaud, Louis and Salamatian, Loqman and Limonier, Kevin and Salamatian, Kav{\'e} and Alchus, Thibaut},
  booktitle    = {2020 12th international conference on cyber conflict (CyCon)},
  volume       = {1300},
  pages        = {157--182},
  year         = {2020},
  organization = {IEEE}
}

@article{aweya2001ip,
  title     = {IP router architectures: an overview},
  author    = {Aweya, James},
  journal   = {International Journal of Communication Systems},
  volume    = {14},
  number    = {5},
  pages     = {447--475},
  year      = {2001},
  publisher = {Wiley Online Library}
}

@article{feamster2004model,
  title     = {A model of BGP routing for network engineering},
  author    = {Feamster, Nick and Winick, Jared and Rexford, Jennifer},
  journal   = {ACM SIGMETRICS Performance Evaluation Review},
  volume    = {32},
  number    = {1},
  pages     = {331--342},
  year      = {2004},
  publisher = {ACM New York, NY, USA}
}

@article{augustin2010measuring,
  title     = {Measuring multipath routing in the internet},
  author    = {Augustin, Brice and Friedman, Timur and Teixeira, Renata},
  journal   = {IEEE/ACM Transactions on Networking},
  volume    = {19},
  number    = {3},
  pages     = {830--840},
  year      = {2010},
  publisher = {IEEE}
}

@inproceedings{orsini2016bgpstream,
  title     = {BGPStream: a software framework for live and historical BGP data analysis},
  author    = {Orsini, Chiara and King, Alistair and Giordano, Danilo and Giotsas, Vasileios and Dainotti, Alberto},
  booktitle = {Proceedings of the 2016 Internet Measurement Conference},
  pages     = {429--444},
  year      = {2016}
}

@inproceedings{mao2003bgp,
  title     = {BGP beacons},
  author    = {Mao, Z Morley and Bush, Randy and Griffin, Timothy G and Roughan, Matthew},
  booktitle = {Proceedings of the 3rd ACM SIGCOMM conference on Internet measurement},
  pages     = {1--14},
  year      = {2003}
}

@article{谢高岗2012未来互联网体系结构研究综述,
  title   = {未来互联网体系结构研究综述},
  author  = {谢高岗 and 张玉军 and 李振宇 and 孙毅 and 谢应科 and 李忠诚 and 刘韵洁},
  journal = {计算机学报},
  volume  = {35},
  number  = {006},
  pages   = {1109--1119},
  year    = {2012}
}

@article{moustafa2019holistic,
  title     = {A holistic review of network anomaly detection systems: A comprehensive survey},
  author    = {Moustafa, Nour and Hu, Jiankun and Slay, Jill},
  journal   = {Journal of Network and Computer Applications},
  volume    = {128},
  pages     = {33--55},
  year      = {2019},
  publisher = {Elsevier}
}

@inproceedings{al2012development,
  title        = {Development of certificate authority services for web applications},
  author       = {Al-Janabi, Sufyan Faraj and Obaid, Amer Kais},
  booktitle    = {2012 International Conference on Future Communication Networks},
  pages        = {135--140},
  year         = {2012},
  organization = {IEEE}
}

@article{wahlisch2012towards,
  title     = {Towards detecting BGP route hijacking using the RPKI},
  author    = {W{\"a}hlisch, Matthias and Maennel, Olaf and Schmidt, Thomas C},
  journal   = {ACM SIGCOMM Computer Communication Review},
  volume    = {42},
  number    = {4},
  pages     = {103--104},
  year      = {2012},
  publisher = {ACM New York, NY, USA}
}

@inproceedings{wahlisch2015ripki,
  title     = {RiPKI: The tragic story of RPKI deployment in the Web ecosystem},
  author    = {W{\"a}hlisch, Matthias and Schmidt, Robert and Schmidt, Thomas C and Maennel, Olaf and Uhlig, Steve and Tyson, Gareth},
  booktitle = {Proceedings of the 14th ACM Workshop on Hot Topics in Networks},
  pages     = {1--7},
  year      = {2015}
}

@article{biersack2012visual,
  title     = {Visual analytics for BGP monitoring and prefix hijacking identification},
  author    = {Biersack, Ernst and Jacquemart, Quentin and Fischer, Fabian and Fuchs, Johannes and Thonnard, Olivier and Theodoridis, Georgios and Tzovaras, Dimitrios and Vervier, Pierre-Antoine},
  journal   = {IEEE Network},
  volume    = {26},
  number    = {6},
  pages     = {33--39},
  year      = {2012},
  publisher = {IEEE}
}

@article{sermpezis2018artemis,
  title     = {ARTEMIS: Neutralizing BGP hijacking within a minute},
  author    = {Sermpezis, Pavlos and Kotronis, Vasileios and Gigis, Petros and Dimitropoulos, Xenofontas and Cicalese, Danilo and King, Alistair and Dainotti, Alberto},
  journal   = {IEEE/ACM Transactions on Networking},
  volume    = {26},
  number    = {6},
  pages     = {2471--2486},
  year      = {2018},
  publisher = {IEEE}
}

@article{angieri2019distributed,
  title     = {A distributed autonomous organization for internet address management},
  author    = {Angieri, Stefano and Garc{\'\i}a-Mart{\'\i}nez, Alberto and Liu, Bingyang and Yan, Zhiwei and Wang, Chuang and Bagnulo, Marcelo},
  journal   = {IEEE Transactions on Engineering Management},
  volume    = {67},
  number    = {4},
  pages     = {1459--1475},
  year      = {2019},
  publisher = {IEEE}
}

@inproceedings{gregori2011bgp,
  title        = {BGP and inter-AS economic relationships},
  author       = {Gregori, Enrico and Improta, Alessandro and Lenzini, Luciano and Rossi, Lorenzo and Sani, Luca},
  booktitle    = {NETWORKING 2011: 10th International IFIP TC 6 Networking Conference, Valencia, Spain, May 9-13, 2011, Proceedings, Part II 10},
  pages        = {54--67},
  year         = {2011},
  organization = {Springer}
}

@inproceedings{vanbever2009hierarchical,
  title     = {A hierarchical model for BGP routing policies},
  author    = {Vanbever, Laurent and Quoitin, Bruno and Bonaventure, Olivier},
  booktitle = {Proceedings of the 2nd ACM SIGCOMM workshop on Programmable routers for extensible services of tomorrow},
  pages     = {61--66},
  year      = {2009}
}

@inproceedings{luckie2013relationships,
  title     = {AS relationships, customer cones, and validation},
  author    = {Luckie, Matthew and Huffaker, Bradley and Dhamdhere, Amogh and Giotsas, Vasileios and Claffy, KC},
  booktitle = {Proceedings of the 2013 conference on Internet measurement conference},
  pages     = {243--256},
  year      = {2013}
}

@article{liu2013characterizing,
  title     = {Characterizing inter-domain rerouting by betweenness centrality after disruptive events},
  author    = {Liu, Yujing and Luo, Xiapu and Chang, Rocky KC and Su, Jinshu},
  journal   = {IEEE Journal on Selected areas in communications},
  volume    = {31},
  number    = {6},
  pages     = {1147--1157},
  year      = {2013},
  publisher = {IEEE}
}

@article{doverspike2010structural,
  title     = {Structural overview of ISP networks},
  author    = {Doverspike, Robert D and Ramakrishnan, KK and Chase, Chris},
  journal   = {Guide to Reliable Internet Services and Applications},
  pages     = {19--93},
  year      = {2010},
  publisher = {Springer}
}

@inproceedings{mirz2018distributed,
  title        = {Distributed real-time co-simulation as a service},
  author       = {Mirz, Markus and Vogel, Steffen and Sch{\"a}fer, Bettina and Monti, Antonello},
  booktitle    = {2018 IEEE International Conference on Industrial Electronics for Sustainable Energy Systems (IESES)},
  pages        = {534--539},
  year         = {2018},
  organization = {IEEE}
}

@techreport{li2011china,
  title       = {The China Education and Research Network (CERNET) IVI translation design and deployment for the IPv4/IPv6 coexistence and transition},
  institution = {CERNET Center/Tsinghua University},
  date        = {May 2011},
  author      = {Li, Xing and Bao, Congxiao and Chen, Maoke and Zhang, Hong and Wu, Jianping},
  year        = {2011}
}

@article{hamilton2017inductive,
  title   = {Inductive representation learning on large graphs},
  author  = {Hamilton, Will and Ying, Zhitao and Leskovec, Jure},
  journal = {Advances in neural information processing systems},
  volume  = {30},
  year    = {2017}
}

@article{scarselli2008graph,
  title     = {The graph neural network model},
  author    = {Scarselli, Franco and Gori, Marco and Tsoi, Ah Chung and Hagenbuchner, Markus and Monfardini, Gabriele},
  journal   = {IEEE transactions on neural networks},
  volume    = {20},
  number    = {1},
  pages     = {61--80},
  year      = {2008},
  publisher = {IEEE}
}

@book{denardis2020internet,
  title     = {The Internet in everything},
  author    = {DeNardis, Laura},
  year      = {2020},
  publisher = {Yale University Press}
}

@article{donnet2008bgp,
  title     = {On BGP communities},
  author    = {Donnet, Benoit and Bonaventure, Olivier},
  journal   = {ACM SIGCOMM Computer Communication Review},
  volume    = {38},
  number    = {2},
  pages     = {55--59},
  year      = {2008},
  publisher = {ACM New York, NY, USA}
}

@article{mitseva2018state,
  title     = {The state of affairs in BGP security: A survey of attacks and defenses},
  author    = {Mitseva, Asya and Panchenko, Andriy and Engel, Thomas},
  journal   = {Computer Communications},
  volume    = {124},
  pages     = {45--60},
  year      = {2018},
  publisher = {Elsevier}
}

@article{el2022deep,
  title     = {Deep GraphSAGE-based recommendation system: jumping knowledge connections with ordinal aggregation network},
  author    = {El Alaoui, Driss and Riffi, Jamal and Sabri, Abdelouahed and Aghoutane, Badraddine and Yahyaouy, Ali and Tairi, Hamid},
  journal   = {Neural Computing and Applications},
  volume    = {34},
  number    = {14},
  pages     = {11679--11690},
  year      = {2022},
  publisher = {Springer}
}

@article{xie2018efficient,
  title     = {Efficient sampling of complex network with modified random walk strategies},
  author    = {Xie, Yunya and Chang, Shuhua and Zhang, Zhipeng and Zhang, Mi and Yang, Lei},
  journal   = {Physica A: Statistical Mechanics and its Applications},
  volume    = {492},
  pages     = {57--64},
  year      = {2018},
  publisher = {Elsevier}
}

@article{rodrigues2019network,
  title     = {Network centrality: an introduction},
  author    = {Rodrigues, Francisco Aparecido},
  journal   = {A mathematical modeling approach from nonlinear dynamics to complex systems},
  pages     = {177--196},
  year      = {2019},
  publisher = {Springer}
}

@misc{walton2016advertisement,
  title  = {Advertisement of multiple paths in BGP},
  author = {Walton, Daniel and Retana, Alvaro and Chen, Enke and Scudder, John},
  year   = {2016},
  eprint = {https://www.rfc-editor.org/rfc/rfc7911}
}

@article{agryzkov2014new,
  title     = {A new betweenness centrality measure based on an algorithm for ranking the nodes of a network},
  author    = {Agryzkov, Taras and Oliver, Jose L and Tortosa, Leandro and Vicent, Jose},
  journal   = {Applied Mathematics and Computation},
  volume    = {244},
  pages     = {467--478},
  year      = {2014},
  publisher = {Elsevier}
}

@inproceedings{murdock2014learning,
  title     = {Learning in a distributed memory model},
  author    = {Murdock, BB},
  booktitle = {Current issues in cognitive processes: The Tulane Flowerree symposium on cognition},
  pages     = {69--106},
  year      = {2014}
}

@inproceedings{fonseca2019bgp,
  title        = {Bgp dataset generation and feature extraction for anomaly detection},
  author       = {Fonseca, Paulo and Mota, Edjard S and Bennesby, Ricardo and Passito, Alexandre},
  booktitle    = {2019 IEEE Symposium on Computers and Communications (ISCC)},
  pages        = {1--6},
  year         = {2019},
  organization = {IEEE}
}

@inproceedings{verma2018analysis,
  title        = {Analysis of border gateway protocol (bgp) with improvement in byzantine robustness},
  author       = {Verma, Rahul Deo and Samaddar, Shefalika Ghosh},
  booktitle    = {2018 Conference on Information and Communication Technology (CICT)},
  pages        = {1--4},
  year         = {2018},
  organization = {IEEE}
}

@misc{heffernan1998protection,
  title  = {Protection of BGP sessions via the TCP MD5 signature option},
  author = {Heffernan, Andy},
  year   = {1998},
  eprint = {https://www.rfc-editor.org/rfc/rfc2385}
}

@inproceedings{mahimkar2010detecting,
  title     = {Detecting the performance impact of upgrades in large operational networks},
  author    = {Mahimkar, Ajay Anil and Song, Han Hee and Ge, Zihui and Shaikh, Aman and Wang, Jia and Yates, Jennifer and Zhang, Yin and Emmons, Joanne},
  booktitle = {Proceedings of the ACM SIGCOMM 2010 Conference},
  pages     = {303--314},
  year      = {2010}
}

@inproceedings{vervier2015mind,
  title     = {Mind Your Blocks: On the Stealthiness of Malicious BGP Hijacks.},
  author    = {Vervier, Pierre-Antoine and Thonnard, Olivier and Dacier, Marc},
  booktitle = {NDSS},
  pages     = {1},
  year      = {2015}
}

@article{schlamp2016heap,
  title     = {HEAP: reliable assessment of BGP hijacking attacks},
  author    = {Schlamp, Johann and Holz, Ralph and Jacquemart, Quentin and Carle, Georg and Biersack, Ernst W},
  journal   = {IEEE Journal on Selected Areas in Communications},
  volume    = {34},
  number    = {6},
  pages     = {1849--1861},
  year      = {2016},
  publisher = {IEEE}
}

@article{kipf2016semi,
  title   = {Semi-supervised classification with graph convolutional networks},
  author  = {Kipf, Thomas N and Welling, Max},
  journal = {arXiv preprint arXiv:1609.02907},
  year    = {2016}
}

@inproceedings{gao2018large,
  title     = {Large-scale learnable graph convolutional networks},
  author    = {Gao, Hongyang and Wang, Zhengyang and Ji, Shuiwang},
  booktitle = {Proceedings of the 24th ACM SIGKDD international conference on knowledge discovery \& data mining},
  pages     = {1416--1424},
  year      = {2018}
}

@article{pearson1905problem,
  title     = {The problem of the random walk},
  author    = {Pearson, Karl},
  journal   = {Nature},
  volume    = {72},
  number    = {1865},
  pages     = {294--294},
  year      = {1905},
  publisher = {Nature Publishing Group UK London}
}

@article{kutuzov2018learning,
  title   = {Learning graph embeddings from WordNet-based similarity measures},
  author  = {Kutuzov, Andrey and Dorgham, Mohammad and Oliynyk, Oleksiy and Biemann, Chris and Panchenko, Alexander},
  journal = {arXiv preprint arXiv:1808.05611},
  year    = {2018}
}

@article{cai2018comprehensive,
  title     = {A comprehensive survey of graph embedding: Problems, techniques, and applications},
  author    = {Cai, Hongyun and Zheng, Vincent W and Chang, Kevin Chen-Chuan},
  journal   = {IEEE transactions on knowledge and data engineering},
  volume    = {30},
  number    = {9},
  pages     = {1616--1637},
  year      = {2018},
  publisher = {IEEE}
}